<collection xmlns="http://www.loc.gov/MARC21/slim">
   <record>
      <leader>04359cjm a2200613Ii 45 0</leader>
      <controlfield tag="001">6812039</controlfield>
      <controlfield tag="003">OCoLC</controlfield>
      <controlfield tag="005">20150224164503.0</controlfield>
      <controlfield tag="007">sd fsngnnmmned</controlfield>
      <controlfield tag="008">150216r20151979enkmunn  i        n eng d</controlfield>
      <datafield ind1=" " ind2=" " tag="035">
         <subfield code="a">ocn903491129</subfield>
      </datafield>
      <datafield ind1=" " ind2=" " tag="040">
         <subfield code="a">WIM</subfield>
         <subfield code="b">eng</subfield>
         <subfield code="e">rda</subfield>
         <subfield code="c">WIM</subfield>
         <subfield code="d">VP@</subfield>
         <subfield code="d">ARDC</subfield>
      </datafield>
      <datafield ind1=" " ind2=" " tag="047">
         <subfield code="a">rc</subfield>
         <subfield code="a">pp</subfield>
      </datafield>
      <datafield ind1=" " ind2=" " tag="090">
         <subfield code="a">M 1630.18 M65 C433 2015</subfield>
         <subfield code="b">ARDC</subfield>
      </datafield>
      <datafield ind1="0" ind2="0" tag="245">
         <subfield code="a">Change the beat.</subfield>
      </datafield>
      <datafield ind1="1" ind2=" " tag="246">
         <subfield code="i">Title from container spine:</subfield>
         <subfield code="a">Mojo presents Change the beat</subfield>
      </datafield>
      <datafield ind1=" " ind2="1" tag="264">
         <subfield code="a">[London] :</subfield>
         <subfield code="b">Mojo,</subfield>
         <subfield code="c">2015.</subfield>
      </datafield>
      <datafield ind1=" " ind2=" " tag="300">
         <subfield code="a">1 audio disc :</subfield>
         <subfield code="b">digital, CD audio, stereo ;</subfield>
         <subfield code="c">12 cm.</subfield>
      </datafield>
      <datafield ind1=" " ind2=" " tag="336">
         <subfield code="a">performed music</subfield>
         <subfield code="b">prm</subfield>
         <subfield code="2">rdacontent</subfield>
         <subfield code="0">http://id.loc.gov/vocabulary/contentTypes/prm</subfield>
      </datafield>
      <datafield ind1=" " ind2=" " tag="337">
         <subfield code="a">audio</subfield>
         <subfield code="b">s</subfield>
         <subfield code="2">rdamedia</subfield>
         <subfield code="0">http://id.loc.gov/vocabulary/mediaTypes/s</subfield>
      </datafield>
      <datafield ind1=" " ind2=" " tag="338">
         <subfield code="a">audio disc</subfield>
         <subfield code="b">sd</subfield>
         <subfield code="2">rdacarrier</subfield>
         <subfield code="0">http://id.loc.gov/vocabulary/carriers/sd</subfield>
      </datafield>
      <datafield ind1=" " ind2=" " tag="340">
         <subfield code="b">12 cm.</subfield>
      </datafield>
      <datafield ind1=" " ind2=" " tag="344">
         <subfield code="a">digital</subfield>
         <subfield code="b">optical</subfield>
         <subfield code="g">stereo</subfield>
         <subfield code="2">rda</subfield>
      </datafield>
      <datafield ind1=" " ind2=" " tag="347">
         <subfield code="a">audio file</subfield>
         <subfield code="b">CD audio</subfield>
         <subfield code="2">rda</subfield>
      </datafield>
      <datafield ind1=" " ind2=" " tag="500">
         <subfield code="a">Title from disc label.</subfield>
      </datafield>
      <datafield ind1=" " ind2=" " tag="500">
         <subfield code="a">"A 23 Ears production for Mojo magazine"--Insert.</subfield>
      </datafield>
      <datafield ind1=" " ind2=" " tag="500">
         <subfield code="a">"Given away free with MOJO March 2015"--Container.</subfield>
      </datafield>
      <datafield ind1=" " ind2=" " tag="500">
         <subfield code="a">Brief program notes and credits (1 folded sheet) inserted in container.</subfield>
      </datafield>
      <datafield ind1="0" ind2="0" tag="505">
         <subfield code="t">Coup</subfield>
         <subfield code="r">(23 Skidoo) --</subfield>
         <subfield code="t">Erase you</subfield>
         <subfield code="r">(ESG) --</subfield>
         <subfield code="t">You can't be funky</subfield>
         <subfield code="r">(Bush Tetras) --</subfield>
         <subfield code="t">Triangle</subfield>
         <subfield code="r">(Delta 5) --</subfield>
         <subfield code="t">Sax maniac</subfield>
         <subfield code="r">(James White and the Blacks) --</subfield>
         <subfield code="t">Hop on down</subfield>
         <subfield code="r">(Arthur Russell) --</subfield>
         <subfield code="t">My main man</subfield>
         <subfield code="r">(Screamin' Rachael) --</subfield>
         <subfield code="t">White &amp; green place (extraterrestrial mix)</subfield>
         <subfield code="r">(Maximum Joy) --</subfield>
         <subfield code="t">Icka prick</subfield>
         <subfield code="r">(Funkadelic) --</subfield>
         <subfield code="t">Tell me, tell me (how ya like to be loved)</subfield>
         <subfield code="r">(Curtis Mayfield) --</subfield>
         <subfield code="t">3,000,000 synths</subfield>
         <subfield code="r">(Chaz Jankel) --</subfield>
         <subfield code="t">Program for light</subfield>
         <subfield code="r">(Section 25) --</subfield>
         <subfield code="t">The dice</subfield>
         <subfield code="r">(Judy Nylon) --</subfield>
         <subfield code="t">Make a joyful noise</subfield>
         <subfield code="r">(Singers &amp; Players).</subfield>
      </datafield>
      <datafield ind1="0" ind2=" " tag="511">
         <subfield code="a">Various performers.</subfield>
      </datafield>
      <datafield ind1=" " ind2=" " tag="534">
         <subfield code="p">Tracks published separately between :</subfield>
         <subfield code="c">1979-2007.</subfield>
      </datafield>
      <datafield ind1=" " ind2=" " tag="596">
         <subfield code="a">35</subfield>
      </datafield>
      <datafield ind1=" " ind2="0" tag="650">
         <subfield code="a">Rock music.</subfield>
         <subfield code="0">http://id.loc.gov/authorities/subjects/sh85114675</subfield>
      </datafield>
      <datafield ind1=" " ind2="0" tag="650">
         <subfield code="a">Popular music.</subfield>
         <subfield code="0">http://id.loc.gov/authorities/subjects/sh85088865</subfield>
      </datafield>
      <datafield ind1="1" ind2=" " tag="700">
         <subfield code="a">Russell, Arthur,</subfield>
         <subfield code="e">performer.</subfield>
         <subfield code="0">http://id.loc.gov/authorities/names/n92107097</subfield>
         <subfield code="0">http://viaf.org/viaf/75909424</subfield>
      </datafield>
      <datafield ind1="1" ind2=" " tag="700">
         <subfield code="a">Chance, James,</subfield>
         <subfield code="e">performer.</subfield>
         <subfield code="0">http://id.loc.gov/authorities/names/no2006097515</subfield>
         <subfield code="0">http://viaf.org/viaf/64377763</subfield>
      </datafield>
      <datafield ind1="0" ind2=" " tag="700">
         <subfield code="a">Screamin' Rachael,</subfield>
         <subfield code="e">performer.</subfield>
         <subfield code="0">http://id.loc.gov/authorities/names/n2012044277</subfield>
         <subfield code="0">http://viaf.org/viaf/254627831</subfield>
      </datafield>
      <datafield ind1="1" ind2=" " tag="700">
         <subfield code="a">Mayfield, Curtis,</subfield>
         <subfield code="e">performer.</subfield>
         <subfield code="0">http://id.loc.gov/authorities/names/n83046997</subfield>
         <subfield code="0">http://viaf.org/viaf/32184017</subfield>
      </datafield>
      <datafield ind1="1" ind2=" " tag="700">
         <subfield code="a">Jankel, Chas,</subfield>
         <subfield code="e">performer.</subfield>
         <subfield code="0">http://id.loc.gov/authorities/names/n91074082</subfield>
         <subfield code="0">http://viaf.org/viaf/27252087</subfield>
      </datafield>
      <datafield ind1="1" ind2=" " tag="700">
         <subfield code="a">Nylon, Judy,</subfield>
         <subfield code="e">performer.</subfield>
         <subfield code="0">http://id.loc.gov/authorities/names/n97870663</subfield>
         <subfield code="0">http://viaf.org/viaf/28834700</subfield>
      </datafield>
      <datafield ind1="2" ind2=" " tag="710">
         <subfield code="a">23 Skidoo (Musical group),</subfield>
         <subfield code="e">performer.</subfield>
         <subfield code="0">http://id.loc.gov/authorities/names/no2006008653</subfield>
         <subfield code="0">http://viaf.org/viaf/128072527</subfield>
      </datafield>
      <datafield ind1="2" ind2=" " tag="710">
         <subfield code="a">ESG (Musical group),</subfield>
         <subfield code="e">performer.</subfield>
         <subfield code="0">http://id.loc.gov/authorities/names/no98047566</subfield>
         <subfield code="0">http://viaf.org/viaf/149239065</subfield>
      </datafield>
      <datafield ind1="2" ind2=" " tag="710">
         <subfield code="a">Bush Tetras (Musical group),</subfield>
         <subfield code="e">performer.</subfield>
         <subfield code="0">http://id.loc.gov/authorities/names/no2006097516</subfield>
         <subfield code="0">http://viaf.org/viaf/152814000</subfield>
      </datafield>
      <datafield ind1="2" ind2=" " tag="710">
         <subfield code="a">Delta 5,</subfield>
         <subfield code="e">performer.</subfield>
         <subfield code="0">http://id.loc.gov/authorities/names/no2007031681</subfield>
         <subfield code="0">http://viaf.org/viaf/60145003278361300911</subfield>
      </datafield>
      <datafield ind1="2" ind2=" " tag="710">
         <subfield code="a">Blacks (Musical group),</subfield>
         <subfield code="e">performer.</subfield>
         <subfield code="0">http://id.loc.gov/authorities/names/n96025355</subfield>
         <subfield code="0">http://viaf.org/viaf/140885725</subfield>
      </datafield>
      <datafield ind1="2" ind2=" " tag="710">
         <subfield code="a">Maximum Joy (Musical group),</subfield>
         <subfield code="e">performer.</subfield>
         <subfield code="0">http://id.loc.gov/authorities/names/no98058334</subfield>
         <subfield code="0">http://viaf.org/viaf/151583870</subfield>
      </datafield>
      <datafield ind1="2" ind2=" " tag="710">
         <subfield code="a">Funkadelic (Musical group),</subfield>
         <subfield code="e">performer.</subfield>
         <subfield code="0">http://id.loc.gov/authorities/names/n92102685</subfield>
         <subfield code="0">http://viaf.org/viaf/140645910</subfield>
      </datafield>
      <datafield ind1="2" ind2=" " tag="710">
         <subfield code="a">Section 25 (Musical group),</subfield>
         <subfield code="e">performer.</subfield>
         <subfield code="0">http://id.loc.gov/authorities/names/no2006038107</subfield>
         <subfield code="0">http://viaf.org/viaf/145784708</subfield>
      </datafield>
      <datafield ind1="2" ind2=" " tag="710">
         <subfield code="a">Singers &amp; Players,</subfield>
         <subfield code="e">performer.</subfield>
         <subfield code="0">http://id.loc.gov/authorities/names/no2008003368</subfield>
         <subfield code="0">http://viaf.org/viaf/154967921</subfield>
      </datafield>
      <datafield ind1="0" ind2=" " tag="730">
         <subfield code="a">Mojo (Periodical)</subfield>
         <subfield code="0">http://id.loc.gov/authorities/names/n2002074773</subfield>
         <subfield code="0">http://viaf.org/viaf/185226850</subfield>
      </datafield>
      <datafield ind1=" " ind2=" " tag="758">
         <subfield code="0">http://worldcat.org/entity/work/id/8165961</subfield>
      </datafield>
      <datafield ind1="0" ind2=" " tag="777">
         <subfield code="t">Mojo (London, England).</subfield>
         <subfield code="g">March 2015.</subfield>
      </datafield>
      <datafield ind1="0" ind2=" " tag="787">
         <subfield code="n">OCLC Work Id</subfield>
         <subfield code="o">http://worldcat.org/entity/work/id/8165961</subfield>
      </datafield>
      <datafield ind1=" " ind2=" " tag="926">
         <subfield code="a">M 1630.18 M65 C433 2015</subfield>
         <subfield code="w">LC</subfield>
         <subfield code="c">1</subfield>
         <subfield code="i">30125302525588</subfield>
         <subfield code="d">3/14/2017</subfield>
         <subfield code="e">3/1/2017</subfield>
         <subfield code="l">MEDIA</subfield>
         <subfield code="m">RED_DEER_C</subfield>
         <subfield code="n">3</subfield>
         <subfield code="r">Y</subfield>
         <subfield code="s">Y</subfield>
         <subfield code="t">MUSICSOUND</subfield>
         <subfield code="u">2/25/2015</subfield>
      </datafield>
   </record>
</collection>
